
@misc{ugr,
  author       = {Universidad de Granada},
  title        = {Origen del estudiantado},
  howpublished = {Transparente},
  url          = {https://transparente.ugr.es/areas/estudiantado/origen-estudiantes}
}

@misc{tripadvisor,
  author       = {Tripadvisor},
  title        = {About Tripadvisor},
  howpublished = {Tripadvisor},
  url          = {https://tripadvisor.mediaroom.com/us-about-us}
}

@misc{yelp,
  author       = {Yelp},
  title        = {Fast facts},
  howpublished = {Yelp},
  url          = {https://www.yelp-press.com/company/fast-facts/default.aspx}
}

@misc{google,
  author       = {Think with Google},
  title        = {How the travel research process plays out in time-to-make-a-plan moments},
  howpublished = {Think with Google},
  url          = {https://www.thinkwithgoogle.com/consumer-insights/consumer-trends/travel-research-process-make-a-plan-moments/}
}

@misc{santander,
  author       = {Santander Open Academy},
  title        = {Metodologías de desarrollo de software},
  howpublished = {Santander Open Academy},
  url          = {https://www.santanderopenacademy.com/es/blog/metodologias-desarrollo-software.html}
}

@misc{amazon_asus,
  author = {Amazon},
  title  = {ASUS TUF Gaming F15 FX506HC-HN004},
  url    = {https://www.amazon.es/ASUS-TUF-Gaming-F15-FX506HC-HN004/dp/B097T3XB81}
}

@misc{amazon_samsung,
  author = {Amazon},
  title  = {Samsung Galaxy Prism Versión Alemana},
  url    = {https://www.amazon.es/Samsung-Galaxy-Prism-Versión-Alemana/dp/B07MTXWLRP}
}

@misc{amazon_benq,
  author = {Amazon},
  title  = {BenQ GW2480 Pantalla Inteligente superestrecho},
  url    = {https://www.amazon.es/BenQ-GW2480-Pantalla-Inteligente-superestrecho/dp/B073NTCT4Q}
}

@misc{seguridad_social,
  author       = {Seguridad Social},
  title        = {Cotización / Recaudación de Trabajadores},
  howpublished = {Seguridad Social},
  url          = {https://www.seg-social.es/wps/portal/wss/internet/Trabajadores/CotizacionRecaudacionTrabajadores/36537#36538}
}

@misc{malan_bredemeyer,
  author       = {Malan, R. and Bredemeyer, D.},
  title        = {Functional requirements and use cases},
  howpublished = {Bredemeyer Consulting},
  year         = {2001},
  pages        = {335-1653}
}

@inproceedings{glinz,
  author    = {Glinz, M.},
  title     = {On non-functional requirements},
  booktitle = {15th IEEE international requirements engineering conference (RE 2007)},
  year      = {2007},
  month     = {October},
  pages     = {21-26},
  publisher = {IEEE}
}

@misc{ibm,
  author       = {IBM},
  title        = {Use case models},
  howpublished = {IBM Documentation},
  url          = {https://www.ibm.com/docs/es/dmrt/9.5?topic=approaches-use-case-models}
}

@book{garlan,
  author = {Garlan, D.},
  title  = {Software architecture},
  year   = {2008}
}

@article{laskey,
  author  = {Laskey, K. B. and Laskey, K.},
  title   = {Service oriented architecture},
  journal = {Wiley Interdisciplinary Reviews: Computational Statistics},
  volume  = {1},
  number  = {1},
  pages   = {101-105},
  year    = {2009}
}

@misc{python_faq,
  author       = {Python Software Foundation},
  title        = {General Python FAQ},
  howpublished = {Python.org},
  url          = {https://www.python.org/doc/essays/blurb/}
}

@misc{python_basics,
  author       = {Python Basics},
  title        = {What is Flask Python?},
  howpublished = {Python Basics},
  url          = {https://pythonbasics.org/what-is-flask-python/}
}

@misc{mongodb,
  author       = {MongoDB},
  title        = {¿Qué es MongoDB?},
  howpublished = {MongoDB},
  url          = {https://www.mongodb.com/es/company/what-is-mongodb}
}

@misc{nodejs,
  author       = {Node.js Foundation},
  title        = {About},
  howpublished = {Node.js},
  url          = {https://nodejs.org/en/about}
}

@misc{geeksforgeeks,
  author       = {GeeksforGeeks},
  title        = {JDK in Java},
  howpublished = {GeeksforGeeks},
  url          = {https://www.geeksforgeeks.org/jdk-in-java/}
}

@misc{react_native,
  author       = {React Native},
  title        = {Learn once, write anywhere},
  howpublished = {React Native},
  url          = {https://reactnative.dev}
}

@misc{vscode,
  author       = {Microsoft},
  title        = {Visual Studio Code Documentation},
  howpublished = {Visual Studio Code},
  url          = {https://code.visualstudio.com/docs}
}

@misc{android,
  author       = {Android Developers},
  title        = {Introducción a Android Studio},
  howpublished = {Android Developers},
  url          = {https://developer.android.com/studio/intro?hl=es-419}
}

@misc{postman,
  author       = {Postman},
  title        = {What is Postman?},
  howpublished = {Postman},
  url          = {https://www.postman.com/product/what-is-postman/}
}

@article{berardi,
  author  = {Berardi, D. and Calvanese, D. and De Giacomo, G.},
  title   = {Reasoning on UML class diagrams},
  journal = {Artificial intelligence},
  volume  = {168},
  number  = {1-2},
  pages   = {70-118},
  year    = {2005}
}

@misc{polina_rusenova,
  author       = {Polina Rusenova},
  title        = {Eventify - Event and Party App Case Study},
  howpublished = {Behance},
  url          = {https://www.behance.net/gallery/197875467/Eventify-event-party-app-case-study?tracking_source=search_projects|mobile+design+ui+party+app&l=2}
}

@inproceedings{talton,
  author    = {Talton III, J. O. and Dusad, K. and Koiliaris, K. and Kumar, R. S.},
  title     = {How do people sort by ratings?},
  booktitle = {Proceedings of the 2019 CHI Conference on Human Factors in Computing Systems},
  year      = {2019},
  month     = {May},
  pages     = {1-10}
}

@misc{react,
  author       = {React},
  title        = {Componentes y propiedades},
  howpublished = {React},
  url          = {https://es.legacy.reactjs.org/docs/components-and-props.html}
}

@article{zhu,
  author  = {Zhu, H. and Hall, P. A. and May, J. H.},
  title   = {Software unit test coverage and adequacy},
  journal = {Acm computing surveys (csur)},
  volume  = {29},
  number  = {4},
  pages   = {366-427},
  year    = {1997}
}
