
@misc{ugr,
  author       = {Universidad de Granada},
  title        = {Origen del estudiantado},
  howpublished = {Transparente},
  url          = {https://transparente.ugr.es/areas/estudiantado/origen-estudiantes}
}

@misc{tripadvisor,
  author       = {Tripadvisor},
  title        = {About Tripadvisor},
  howpublished = {Tripadvisor},
  url          = {https://tripadvisor.mediaroom.com/us-about-us}
}

@misc{yelp,
  author       = {Yelp},
  title        = {Fast facts},
  howpublished = {Yelp},
  url          = {https://www.yelp-press.com/company/fast-facts/default.aspx}
}

@misc{google,
  author       = {Think with Google},
  title        = {How the travel research process plays out in time-to-make-a-plan moments},
  howpublished = {Think with Google},
  url          = {https://www.thinkwithgoogle.com/consumer-insights/consumer-trends/travel-research-process-make-a-plan-moments/}
}

@mastersthesis{Sebastian,
  author  = {Sebastián Alfredo Castro Rampersad},
  title   = {Plataforma de gestión y venta de entradas para locales de ocio nocturno},
  school  = {Universidade da Coruña},
  year    = {2023},
  address = {A Coruña},
  month   = {septiembre},
  note    = {Trabajo de Fin de Grado, Grado en Ingeniería Informática, Mención en Ingeniería de Software}
}


@article{Campos,
  title     = {Aplicaci{\'o}n m{\'o}vil de localizaci{\'o}n de ocio para Android},
  author    = {Campos de Diago, Eduardo},
  year      = {2013},
  publisher = {E\_Telecomunicacion}
}

@phdthesis{Garcia,
  title  = {Dise{\~n}o de aplicaci{\'o}n m{\'o}vil para el ocio rural},
  author = {Garc{\'\i}a del Val, Raquel},
  year   = {2022},
  school = {Universitat Polit{\`e}cnica de Val{\`e}ncia}
}


@misc{santander,
  author       = {Santander Open Academy},
  title        = {Metodologías de desarrollo de software},
  howpublished = {Santander Open Academy},
  url          = {https://www.santanderopenacademy.com/es/blog/metodologias-desarrollo-software.html}
}

@article{kanban_img,
  title     = {Usage of Kanban methodology at software development teams},
  author    = {Kirovska, Nevenka and Koceski, Saso},
  journal   = {Journal of applied economics and business},
  volume    = {3},
  number    = {3},
  pages     = {25--34},
  year      = {2015},
  publisher = {Education and Novel Technology Research Association}
}

@article{scrum_img,
  title     = {Understanding the interactions between the scrum master and the development team: A game-theoretic approach},
  author    = {Karabiyik, Tugba and Jaiswal, Aparajita and Thomas, Paul and J. Magana, Alejandra},
  journal   = {Mathematics},
  volume    = {8},
  number    = {9},
  pages     = {1553},
  year      = {2020},
  publisher = {MDPI}
}

@article{lean_img,
  title     = {A symbiotic relationship between Lean Production and Ergonomics: insights from Industrial Engineering final year projects},
  author    = {Alves, Anabela Carvalho and Ferreira, Ana and Maia, Laura Costa and Le{\~a}o, Celina Pinto and Carneiro, Paula},
  year      = {2019},
  publisher = {University of Novi SAD}
}

@misc{amazon_asus,
  author = {Amazon},
  title  = {ASUS TUF Gaming F15 FX506HC-HN004},
  url    = {https://www.amazon.es/ASUS-TUF-Gaming-F15-FX506HC-HN004/dp/B097T3XB81}
}

@misc{amazon_samsung,
  author = {Amazon},
  title  = {Samsung Galaxy Prism Versión Alemana},
  url    = {https://www.amazon.es/Samsung-Galaxy-Prism-Versión-Alemana/dp/B07MTXWLRP}
}

@misc{amazon_benq,
  author = {Amazon},
  title  = {BenQ GW2480 Pantalla Inteligente superestrecho},
  url    = {https://www.amazon.es/BenQ-GW2480-Pantalla-Inteligente-superestrecho/dp/B073NTCT4Q}
}

@misc{seguridad_social,
  author       = {Seguridad Social},
  title        = {Cotización / Recaudación de Trabajadores},
  howpublished = {Seguridad Social},
  url          = {https://www.seg-social.es/wps/portal/wss/internet/Trabajadores/CotizacionRecaudacionTrabajadores/36537#36538}
}

@article{malan_bredemeyer,
  title     = {Functional requirements and use cases},
  author    = {Malan, Ruth and Bredemeyer, Dana and others},
  journal   = {Bredemeyer Consulting},
  pages     = {335--1653},
  year      = {2001},
  publisher = {Citeseer}
}

@article{shah,
  title     = {Functional requirements and conceptual design of the feature-based modelling system},
  author    = {Shah, Jami J and Rogers, Mary T},
  journal   = {Computer-Aided Engineering Journal},
  volume    = {5},
  number    = {1},
  pages     = {9--15},
  year      = {1988},
  publisher = {IET}
}

@article{sagar,
  title     = {Conceptual modeling of natural language functional requirements},
  author    = {Sagar, Vidhu Bhala R Vidya and Abirami, S},
  journal   = {Journal of Systems and Software},
  volume    = {88},
  pages     = {25--41},
  year      = {2014},
  publisher = {Elsevier}
}

@inproceedings{glinz,
  title        = {On non-functional requirements},
  author       = {Glinz, Martin},
  booktitle    = {15th IEEE international requirements engineering conference (RE 2007)},
  pages        = {21--26},
  year         = {2007},
  organization = {IEEE}
}

@book{chung,
  title     = {Non-functional requirements in software engineering},
  author    = {Chung, Lawrence and Nixon, Brian A and Yu, Eric and Mylopoulos, John},
  volume    = {5},
  year      = {2012},
  publisher = {Springer Science \& Business Media}
}

@article{gross,
  title     = {From non-functional requirements to design through patterns},
  author    = {Gross, Daniel and Yu, Eric},
  journal   = {Requirements Engineering},
  volume    = {6},
  pages     = {18--36},
  year      = {2001},
  publisher = {Springer}
}

@misc{ibm,
  author       = {IBM},
  title        = {Use case models},
  howpublished = {IBM Documentation},
  url          = {https://www.ibm.com/docs/es/dmrt/9.5?topic=approaches-use-case-models}
}

@incollection{garlan,
  title     = {An introduction to software architecture},
  author    = {Garlan, David and Shaw, Mary},
  booktitle = {Advances in software engineering and knowledge engineering},
  pages     = {1--39},
  year      = {1993},
  publisher = {World Scientific}
}

@book{hofmeister,
  title     = {Applied software architecture},
  author    = {Hofmeister, Christine and Nord, Robert and Soni, Dilip},
  year      = {2000},
  publisher = {Addison-Wesley Professional}
}

@book{richards,
  title     = {Software architecture patterns},
  author    = {Richards, Mark},
  volume    = {4},
  year      = {2015},
  publisher = {O'Reilly Media, Incorporated 1005 Gravenstein Highway North, Sebastopol, CA~…}
}

@article{laskey,
  author  = {Laskey, K. B. and Laskey, K.},
  title   = {Service oriented architecture},
  journal = {Wiley Interdisciplinary Reviews: Computational Statistics},
  volume  = {1},
  number  = {1},
  pages   = {101-105},
  year    = {2009}
}

@book{erl,
  title     = {Service-oriented architecture},
  author    = {Erl, Thomas},
  year      = {1900},
  publisher = {Citeseer}
}

@misc{python_faq,
  author       = {Python Software Foundation},
  title        = {General Python FAQ},
  howpublished = {Python.org},
  url          = {https://www.python.org/doc/essays/blurb/}
}

@misc{python_basics,
  author       = {Python Basics},
  title        = {What is Flask Python?},
  howpublished = {Python Basics},
  url          = {https://pythonbasics.org/what-is-flask-python/}
}

@misc{mongodb,
  author       = {MongoDB},
  title        = {¿Qué es MongoDB?},
  howpublished = {MongoDB},
  url          = {https://www.mongodb.com/es/company/what-is-mongodb}
}

@misc{nodejs,
  author       = {Node.js Foundation},
  title        = {About},
  howpublished = {Node.js},
  url          = {https://nodejs.org/en/about}
}

@misc{geeksforgeeks,
  author       = {GeeksforGeeks},
  title        = {JDK in Java},
  howpublished = {GeeksforGeeks},
  url          = {https://www.geeksforgeeks.org/jdk-in-java/}
}

@misc{react_native,
  author       = {React Native},
  title        = {Learn once, write anywhere},
  howpublished = {React Native},
  url          = {https://reactnative.dev}
}

@misc{vscode,
  author       = {Microsoft},
  title        = {Visual Studio Code Documentation},
  howpublished = {Visual Studio Code},
  url          = {https://code.visualstudio.com/docs}
}

@misc{android,
  author       = {Android Developers},
  title        = {Introducción a Android Studio},
  howpublished = {Android Developers},
  url          = {https://developer.android.com/studio/intro?hl=es-419}
}

@misc{postman,
  author       = {Postman},
  title        = {What is Postman?},
  howpublished = {Postman},
  url          = {https://www.postman.com/product/what-is-postman/}
}

@article{berardi,
  author  = {Berardi, D. and Calvanese, D. and De Giacomo, G.},
  title   = {Reasoning on UML class diagrams},
  journal = {Artificial intelligence},
  volume  = {168},
  number  = {1-2},
  pages   = {70-118},
  year    = {2005}
}

@misc{polina_rusenova,
  author       = {Polina Rusenova},
  title        = {Eventify - Event and Party App Case Study},
  howpublished = {Behance},
  url          = {https://www.behance.net/gallery/197875467/Eventify-event-party-app-case-study?tracking_source=search_projects|mobile+design+ui+party+app&l=2}
}

@inproceedings{talton,
  author    = {Talton III, J. O. and Dusad, K. and Koiliaris, K. and Kumar, R. S.},
  title     = {How do people sort by ratings?},
  booktitle = {Proceedings of the 2019 CHI Conference on Human Factors in Computing Systems},
  year      = {2019},
  month     = {May},
  pages     = {1-10}
}

@misc{react,
  author       = {React},
  title        = {Componentes y propiedades},
  howpublished = {React},
  url          = {https://es.legacy.reactjs.org/docs/components-and-props.html}
}

@article{zhu,
  author  = {Zhu, H. and Hall, P. A. and May, J. H.},
  title   = {Software unit test coverage and adequacy},
  journal = {Acm computing surveys (csur)},
  volume  = {29},
  number  = {4},
  pages   = {366-427},
  year    = {1997}
}

@misc{easbuild,
  author       = {Expo Documentation},
  title        = {EAS Build},
  howpublished = {Expo},
  url          = {https://docs.expo.dev/build/introduction/},
  year         = {2024}
}

